<?xml version="1.0" encoding="UTF-8"?><collection xmlns="http://www.loc.gov/MARC21/slim"><record><leader>00393nam--2200133-i-4500</leader><controlfield tag="001">000026798</controlfield><controlfield tag="002">20161230</controlfield><controlfield tag="005">20161230201036</controlfield><controlfield tag="008">060222s1000------------r-----000-0-eng-d</controlfield><datafield ind1=" " ind2=" " tag="080"><subfield code="a">546.289(043)</subfield></datafield><datafield ind1=" " ind2=" " tag="100"><subfield code="a">Klingenstein, Werner</subfield></datafield><datafield ind1=" " ind2=" " tag="245"><subfield code="a">Untersuchungen zur rekombination in hochangeregtem und dotiertem germanium. dissertation</subfield></datafield><datafield ind1=" " ind2=" " tag="260"><subfield code="a">Stuttgart, Universitat, 1980, 168p</subfield></datafield><datafield ind1=" " ind2=" " tag="852"><subfield code="a">48357</subfield></datafield></record></collection>